@misc{mastin_2010, howpublished="\url{http://www.storyofmathematics.com/medieval_fibonacci.html}", journal={Fibonacci - Medieval Mathematics - The Story of Mathematics}, author={Mastin, Luke}, year={2010}} 

@misc{seligman_2011, title={Math Mutation}, howpublished="\url{https://mathmutation.blogspot.com/2011/12/150-podcast-about-nothing.html}", journal={150: A Podcast About Nothing}, author={Seligman, Erik}, year={2011}, month={Dec}} 

@misc{ji_2010, title={Hindu-Arabic Numeral System}, howpublished="\url{https://www.math.uh.edu/~shanyuji/History/h-19.pdf}", author={Ji, Shanyu}, year={2010}, month={Jun}}

@misc{oracle_binary_literal, title={Binary Literals}, howpublished="\url{https://docs.oracle.com/javase/8/docs/technotes/guides/language/binary-literals.html}", author={Oracle}} 

@misc{lin_onescomp_2003,
	title={Signed Int: One's Complement},
    howpublished="\url{https://www.cs.umd.edu/class/sum2003/cmsc311/Notes/Data/onescomp.html}",
    author={Lin, Charles},
    year={2003},
    month={Feb}}

@misc{lin_bitshift_2003, title={Signed Int: One's Complement}, howpublished="\url{https://www.cs.umd.edu/class/sum2003/cmsc311/Notes/BitOp/bitshift.html}", author={Lin, Charles}, year={2003}, month={Mar}}

@misc{seacord_2017, title={Ensure that operations on signed integers do not result in overflow}, howpublished="\url{https://wiki.sei.cmu.edu/confluence/display/c/INT32-C.+Ensure+that+operations+on+signed+integers+do+not+result+in+overflow}", author={Seacord, Robert and Snavely, Will}, year={2017}, month={Nov}}

@misc{finley_2000, title={Two's Complement}, howpublished="\url{https://www.cs.cornell.edu/~tomf/notes/cps104/twoscomp.html}", author={Finley, Thomas}, year={2000}, month={April}}

@book{Gosling:2014:JLS:2636997,
 author = {Gosling, James and Joy, Bill and Steele, Guy L. and Bracha, Gilad and Buckley, Alex},
 title = {The Java Language Specification, Java SE 8 Edition},
 year = {2014},
 isbn = {013390069X, 9780133900699},
 edition = {1st},
 publisher = {Addison-Wesley Professional},
 howpublished = "\url{https://docs.oracle.com/javase/specs/jls/se8/html/jls-15.html#jls-15.23}"
} 

@misc{rfc791,
	series =	{Request for Comments},
	number =	791,
	publisher =	{RFC Editor},
	doi =		{10.17487/RFC0791},
	howpublished =		"\url{https://rfc-editor.org/rfc/rfc791.txt}",
        author =	{},
	title =		{{Internet Protocol}},
	pagetotal =	51,
	year =		1981,
	month =		sep
}

@misc{rfc919,
	series =	{Request for Comments},
	number =	919,
	publisher =	{RFC Editor},
	doi =		{10.17487/RFC0919},
	howpublished =		"\url{https://rfc-editor.org/rfc/rfc919.txt}",
        author =	{},
	title =		{{Broadcasting Internet Datagrams}},
	pagetotal =	8,
	year =		1984,
	month =		oct,
	abstract =	{This RFC proposes simple rules for broadcasting Internet datagrams on local networks that support broadcast, for addressing broadcasts, and for how gateways should handle them. This RFC suggests a proposed protocol for the ARPA-Internet community, and requests discussion and suggestions for improvements.},
}

@book{EcmaScript,
  author = {{ECMA International}},
  edition = {7},
  keywords = {ECMA JavaScript Specification Standard},
  month = {dec},
  title = {Draft ECMA-262 - ECMAScript Language Specification},
  howpublished= "\url{https://tc39.github.io/ecma262/#sec-bitwise-shift-operators}",
  year = 2017
}


@book{rosen_2004, place={Oxford}, title={Discrete mathematics and its applications}, publisher={McGraw-Hill}, author={Rosen, Kenneth H.}, year={2004}} 

% http://man7.org/linux/man-pages/man2/open.2.license.html
@manual{open_manpage,
 title      = "open(2) Linux Programmer's Manual",
 year       = "2017",
 month      = "Sep",
 howpublished = "\url{http://man7.org/linux/man-pages/man2/open.2.html}",
 %author        = "Kerrisk, Michael",
 %organization  = "",
 %address   = "",
 %edition   = "",
 %note      = "",
}

% http://man7.org/linux/man-pages/man3/ffs.3.license.html
@manual{ffs_manpage,
 title      = "ffs(3) Linux Programmer's Manual",
 year       = "2017",
 month      = "Sep",
 howpublished = "\url{http://man7.org/linux/man-pages/man3/ffs.3.html}",
 %author        = "Kerrisk, Michael",
 %organization  = "",
 %address   = "",
 %edition   = "",
 %note      = "",
}


@misc{rfc793,
	series =	{Request for Comments},
	number =	793,
	publisher =	{RFC Editor},
	doi =		{10.17487/RFC0793},
	howpublished =		"\url{https://rfc-editor.org/rfc/rfc793.txt}",
        author =	{},
	title =		{{Transmission Control Protocol}},
	pagetotal =	91,
	year =		1981,
	month =		sep,
	abstract =	{},
}

@misc{verts, title={An Essay on Endian Order}, howpublished="\url{https://people.cs.umass.edu/~verts/cs32/endian.html}", author={Verts, William T}, year={1996}, month={April}}

@misc{smoler,
    howpublished = "\url{http://pages.cs.wisc.edu/~smoler/x86text/lect.notes/represent.html}",
    title = "Representations",
    author = "Miller, Karen Smoler",
    year = 1999,
    mon = Jan
}

@techreport{biba1977integrity,
  title={Integrity considerations for secure computer systems},
  author={Biba, Kenneth J},
  year={1977},
  institution={MITRE Corp},
  howpublished="\url{http://seclab.cs.ucdavis.edu/projects/history/papers/biba75.pdf}"
}

@book{Aho:1992:FCS:114768,
 author = {Aho, Alfred V. and Ullman, Jeffrey D.},
 title = {Foundations of Computer Science},
 year = {1992},
 isbn = {0-7167-8233-2},
 publisher = {Computer Science Press, Inc.},
 address = {New York, NY, USA},
 howpublished="\url{http://infolab.stanford.edu/~ullman/focs/ch09.pdf}"
} 

@misc{rfc1305,
	series =	{Request for Comments},
	number =	1305,
	publisher =	{RFC Editor},
	doi =		{10.17487/RFC1305},
	howpublished = "\url{https://rfc-editor.org/rfc/rfc1305.txt}",
        author =	{Mills, David L.},
	title =		{{Network Time Protocol (Version 3) Specification, Implementation and Analysis}},
	pagetotal =	109,
	year =		1992,
	month =		mar,
	abstract =	{This document describes the Network Time Protocol (NTP), specifies its formal structure and summarizes information useful for its implementation. {[}STANDARDS-TRACK{]}},
}

@misc{demaine_dp2, 
author = {Demaine, Erik},
title = {Dynamic {Programming} {II}: {Text} {Justification}, {Blackjack}},
howpublished = "\url{https://www.youtube.com/watch?v=ENyox7kNKeY}",
year = 2013, 
month = Jan,
day = 14
}

@misc{pevznerChange,
author = {Pevzner, Pavel},
title = {Dynamic Programming: Change Problem},
year = 2017,
month = dec,
day = 17,
howpublished="\url{https://www.youtube.com/watch?v=mupxhUNDZXI}"
}

@misc{rhodesTree,
author = {Rhodes, Neil},
title = {Basic Data Structures: Trees},
year = 2018,
month = apr,
day = 1,
howpublished="\url{https://www.youtube.com/watch?v=-ymfaNtL0Aw}"
}

@book{Kernighan:1988:CPL:576122,
 author = {Kernighan, Brian W.},
 editor = {Ritchie, Dennis M.},
 title = {The  C Programming Language},
 year = {1988},
 isbn = {0131103709},
 edition = {2nd},
 publisher = {Prentice Hall Professional Technical Reference},
}

@book{Erickson:2008:HAE:1407147,
 author = {Erickson, Jon},
 title = {Hacking: The Art of Exploitation, 2nd Edition},
 year = {2008},
 isbn = {9781593271442},
 edition = {Second},
 publisher = {No Starch Press},
 address = {San Francisco, CA, USA},
}

@misc{torvalds_2017, title={Re: [GIT PULL] usercopy whitelisting for v4.15-rc1}, url={http://lkml.iu.edu/hypermail/linux/kernel/1711.2/01701.html}, journal={Linux-Kernel}, author={Torvalds, Linus}, year={2017}, month={Feb}}

@misc{apple, title={Secure Coding Guide}, url={https://developer.apple.com/library/content/documentation/Security/Conceptual/SecureCodingGuide/Articles/BufferOverflows.html}, journal={Avoiding Buffer Overflows and Underflows}, author={Apple Inc.}, year={2016}, month={Sep}}

@misc{lin_pointer_2003, url={http://www.cs.umd.edu/class/sum2003/cmsc311/Notes/BitOp/pointer.html}, journal={Pointer Arithmetic}, author={Lin, Charles}, year={2003}, month={Jun}} 

@misc{hartnett_quanta, title={Formal Verification Creates Hacker-Proof Code}, url={https://www.quantamagazine.org/formal-verification-creates-hacker-proof-code-20160920/}, journal={Quanta Magazine}, author={Hartnett, Kevin}, year={2016}, month={Sep}} 

@clark-wilson{clark-wilson,
author = {D. Clark, David and R. Wilson, David},
year = {1987},
month = {04},
pages = {184-195},
title = {A Comparison of Commercial and Military Computer Security Policies},
booktitle = {Proceedings of the Symposium on Security and Privacy},
howpublished = "\url{http://theory.stanford.edu/~ninghui/courses/Fall03/papers/clark_wilson.pdf}"
}

@techreport{biba1977integrity,
  title={Integrity considerations for secure computer systems},
  author={Biba, Kenneth J},
  year={1977},
  institution={MITRE CORP BEDFORD MA},
  howpublished = "\url{http://www.dtic.mil/docs/citations/ADA039324}"
}

@techreport{bell1976secure,
  title={Secure computer system: Unified exposition and multics interpretation},
  author={Bell, D Elliott and La Padula, Leonard J},
  year={1976},
  institution={MITRE CORP BEDFORD MA},
  howpublished = "\url{http://www.dtic.mil/docs/citations/ADA023588}"
}

@online{weissteinAckermann,
    author   = {Weisstein, Eric W.},
    title    = {Modular Arithmetic},
    subtitle = {From MathWorld--A Wolfram Web Resource},
    note     = {Visited on 1/15/2018},
    howpublished = "\url{http://mathworld.wolfram.com/AckermannFunction.html}"
}

@online{weissteinCollatz,
    author   = {Weisstein, Eric W.},
    title    = {Modular Arithmetic},
    subtitle = {From MathWorld--A Wolfram Web Resource},
    note     = {Visited on 1/15/2018},
    howpublished = "\url{http://mathworld.wolfram.com/CollatzProblem.html}"
} 

@article{turing1937computable,
  title={On computable numbers, with an application to the Entscheidungsproblem},
  author={Turing, Alan Mathison},
  journal={Proceedings of the London mathematical society},
  volume={2},
  number={1},
  pages={230--265},
  year={1937},
  publisher={Wiley Online Library}
}

@online{nayuki,
	title	= {Fast Fibonacci algorithms},
    author	= {Nayuki},
    year	= 2015,
    month	= Mar,
    howpublished = "\url{https://www.nayuki.io/page/fast-fibonacci-algorithms}"
}

@online{computerphileackermann,
	title 	= {The Most Difficult Program to Compute? },
    author	= {Brailsford, David},
    year 	= 2014,
    month	= Jul,
    howpublished = "\url{https://www.youtube.com/watch?v=i7sm9dzFtEI}"
}

@book{Aho:1992:FCS:114768,
 author = {Aho, Alfred V. and Ullman, Jeffrey D.},
 title = {Foundations of Computer Science},
 year = {1992},
 isbn = {0-7167-8233-2},
 publisher = {Computer Science Press, Inc.},
 address = {New York, NY, USA},
} 

@article{Rivest:1978:MOD:359340.359342,
 author = {Rivest, R. L. and Shamir, A. and Adleman, L.},
 title = {A Method for Obtaining Digital Signatures and Public-key Cryptosystems},
 journal = {Commun. ACM},
 issue_date = {Feb. 1978},
 volume = {21},
 number = {2},
 month = feb,
 year = {1978},
 issn = {0001-0782},
 pages = {120--126},
 numpages = {7},
 howpublished ="\url{http://doi.acm.org/10.1145/359340.359342}",
 doi = {10.1145/359340.359342},
 acmid = {359342},
 publisher = {ACM},
 address = {New York, NY, USA},
 keywords = {authentication, cryptography, digital signatures, electronic funds transfer, electronic mail, factorization, message-passing, prime number, privacy, public-key cryptosystems, security},
} 

@misc{weissteinModular,
    author   = {Weisstein, Eric W. and Insall, Matt},
    title    = {Modular Arithmetic},
    subtitle = {From MathWorld--A Wolfram Web Resource},
    note     = {Visited on 11/27/2017},
    howpublished = "\url{http://mathworld.wolfram.com/ModularArithmetic.html}"
}

@MISC {2101197,
    TITLE = {Proving that modular inverse only exists when $\gcd(n,x)=1$},
    AUTHOR = {Joffan (https://math.stackexchange.com/users/206402/joffan)},
    NOTE = {URL:https://math.stackexchange.com/q/2101197 (version: 2017-01-17)},
    EPRINT = {https://math.stackexchange.com/q/2101197},
    howpublished = "\url{https://math.stackexchange.com/q/2101197}"
}

@misc{rfc8017,
	series =	{Request for Comments},
	number =	8017,
	publisher =	{RFC Editor},
	doi =		{10.17487/RFC8017},
	howpublished = "\url{https://rfc-editor.org/rfc/rfc8017.txt}",
    author =	{Kathleen Moriarty and Burt Kaliski and Jakob Jonsson and Andreas Rusch},
	title =		{{PKCS \#1: RSA Cryptography Specifications Version 2.2}},
	pagetotal =	78,
	year =		2016,
	month =		nov,
	abstract =	{This document provides recommendations for the implementation of public-key cryptography based on the RSA algorithm, covering cryptographic primitives, encryption schemes, signature schemes with appendix, and ASN.1 syntax for representing keys and for identifying the schemes.},
}

@techreport{Polk2015,
  doi = {10.6028/nist.sp.800-78-4},
  howpublished = "\url{https://doi.org/10.6028/nist.sp.800-78-4}",
  year  = {2015},
  month = {may},
  publisher = {National Institute of Standards and Technology},
  author = {William T. Polk and Donna F. Dodson and William Burr and Salvatore Francomacaro and David A. Cooper},
  title = {Cryptographic Algorithms and Key Sizes for Personal Identity Verification}
}

@misc{rfc3447,
	series =	{Request for Comments},
	number =	3447,
	publisher =	{RFC Editor},
	doi =		{10.17487/RFC3447},
	howpublished = "\url{https://rfc-editor.org/rfc/rfc3447.txt}",
        author =	{Jakob Jonsson and Burt Kaliski},
	title =		{{Public-Key Cryptography Standards (PKCS) \#1: RSA Cryptography Specifications Version 2.1}},
	pagetotal =	72,
	year =		2003,
	month =		feb,
	abstract =	{This memo represents a republication of PKCS #1 v2.1 from RSA Laboratories&#39; Public-Key Cryptography Standards (PKCS) series, and change control is retained within the PKCS process. The body of this document is taken directly from the PKCS #1 v2.1 document, with certain corrections made during the publication process. This memo provides information for the Internet community.},
}

@book{cormen2001introduction,
  title={Introduction To Algorithms},
  author={Cormen, T.H. and Leiserson, C.E. and Rivest, R.L. and Stein, C.},
  isbn={9780262032933},
  lccn={00103127},
  series={MIT electrical engineering and computer science series},
  year={2001},
  publisher={MIT Press}
}

@article{Perlman:1985:ADC:318951.319004,
 author = {Perlman, R.},
 title = {An Algorithm for Distributed Computation of a Spanningtree in an Extended LAN},
 journal = {SIGCOMM Comput. Commun. Rev.},
 issue_date = {Sept. 1985},
 volume = {15},
 number = {4},
 month = sep,
 year = {1985},
 issn = {0146-4833},
 pages = {44--53},
 numpages = {10},
 url = {http://doi.acm.org/10.1145/318951.319004},
 doi = {10.1145/318951.319004},
 acmid = {319004},
 publisher = {ACM},
 address = {New York, NY, USA},
} 

@book{perlman2000interconnections,
  title={Interconnections: Bridges, Routers, Switches, and Internetworking Protocols},
  author={Perlman, R.},
  isbn={9780201634488},
  lccn={99037086},
  series={Addison-Wesley professional computing series},
  year={2000},
  publisher={Addison Wesley}
}


@book{rosen2003discrete,
  title={Discrete Mathematics and Its Applications},
  author={Rosen, K.H.},
  isbn={9780072424348},
  lccn={2002070890},
  series={McGraw-Hill higher education},
  year={2003},
  publisher={McGraw-Hill}
}

@article{Rivest:1978:MOD:359340.359342,
 author = {Rivest, R. L. and Shamir, A. and Adleman, L.},
 title = {A Method for Obtaining Digital Signatures and Public-key Cryptosystems},
 journal = {Commun. ACM},
 issue_date = {Feb. 1978},
 volume = {21},
 number = {2},
 month = feb,
 year = {1978},
 issn = {0001-0782},
 pages = {120--126},
 numpages = {7},
 howpublished ="\url{http://doi.acm.org/10.1145/359340.359342}",
 doi = {10.1145/359340.359342},
 acmid = {359342},
 publisher = {ACM},
 address = {New York, NY, USA},
 keywords = {authentication, cryptography, digital signatures, electronic funds transfer, electronic mail, factorization, message-passing, prime number, privacy, public-key cryptosystems, security},
} 

@misc{weissteinModular,
    author   = {Weisstein, Eric W. and Insall, Matt},
    title    = {Modular Arithmetic},
    subtitle = {From MathWorld--A Wolfram Web Resource},
    note     = {Visited on 11/27/2017},
    howpublished = "\url{http://mathworld.wolfram.com/ModularArithmetic.html}"
}

@MISC {2101197,
    TITLE = {Proving that modular inverse only exists when $\gcd(n,x)=1$},
    AUTHOR = {Joffan (https://math.stackexchange.com/users/206402/joffan)},
    NOTE = {URL:https://math.stackexchange.com/q/2101197 (version: 2017-01-17)},
    EPRINT = {https://math.stackexchange.com/q/2101197},
    howpublished = "\url{https://math.stackexchange.com/q/2101197}"
}

@misc{rfc8017,
	series =	{Request for Comments},
	number =	8017,
	publisher =	{RFC Editor},
	doi =		{10.17487/RFC8017},
	howpublished = "\url{https://rfc-editor.org/rfc/rfc8017.txt}",
    author =	{Kathleen Moriarty and Burt Kaliski and Jakob Jonsson and Andreas Rusch},
	title =		{{PKCS \#1: RSA Cryptography Specifications Version 2.2}},
	pagetotal =	78,
	year =		2016,
	month =		nov,
	abstract =	{This document provides recommendations for the implementation of public-key cryptography based on the RSA algorithm, covering cryptographic primitives, encryption schemes, signature schemes with appendix, and ASN.1 syntax for representing keys and for identifying the schemes.},
}

@techreport{Polk2015,
  doi = {10.6028/nist.sp.800-78-4},
  howpublished = "\url{https://doi.org/10.6028/nist.sp.800-78-4}",
  year  = {2015},
  month = {may},
  publisher = {National Institute of Standards and Technology},
  author = {William T. Polk and Donna F. Dodson and William Burr and Salvatore Francomacaro and David A. Cooper},
  title = {Cryptographic Algorithms and Key Sizes for Personal Identity Verification}
}

@misc{rfc3447,
	series =	{Request for Comments},
	number =	3447,
	publisher =	{RFC Editor},
	doi =		{10.17487/RFC3447},
	howpublished = "\url{https://rfc-editor.org/rfc/rfc3447.txt}",
        author =	{Jakob Jonsson and Burt Kaliski},
	title =		{{Public-Key Cryptography Standards (PKCS) \#1: RSA Cryptography Specifications Version 2.1}},
	pagetotal =	72,
	year =		2003,
	month =		feb,
	abstract =	{This memo represents a republication of PKCS #1 v2.1 from RSA Laboratories&#39; Public-Key Cryptography Standards (PKCS) series, and change control is retained within the PKCS process. The body of this document is taken directly from the PKCS #1 v2.1 document, with certain corrections made during the publication process. This memo provides information for the Internet community.},
}

@book{Knuth:1997:ACP:270146,
 author = {Knuth, Donald E.},
 title = {The Art of Computer Programming, Volume 2 (3rd Ed.): Seminumerical Algorithms},
 year = {1997},
 isbn = {0-201-89684-2},
 publisher = {Addison-Wesley Longman Publishing Co., Inc.},
 address = {Boston, MA, USA},
}

@misc{seligman_6174, title={Math Mutation}, howpublished="\url{http://mathmutation.blogspot.com/2018/06/241-strange-fixation.html}", journal={241: A Strange Fixation}, author={Seligman, Erik}, year={2018}, month={Jun}} 

